<?xml version="1.0" encoding="UTF-8"?>
<OAI-PMH xmlns="http://www.openarchives.org/OAI/2.0/" xmlns:xsi="http://www.w3.org/2001/XMLSchema-instance" xsi:schemaLocation="http://www.openarchives.org/OAI/2.0/ http://www.openarchives.org/OAI/2.0/OAI-PMH.xsd">
<ListRecords>
<record>
<header status="updated">
<identifier>urm_publish:71312258720002121</identifier>
</header>
<metadata>
<record xmlns="http://www.loc.gov/MARC21/slim" xmlns:xsi="http://www.w3.org/2001/XMLSchema-instance" xsi:schemaLocation="http://www.loc.gov/MARC21/slim http://www.loc.gov/standards/marcxml/schema/MARC21slim.xsd" ><leader>01703cam a2200397 a 4500</leader><controlfield tag="005">20130326114611.0</controlfield><controlfield tag="008">980311s1997    dcu     bb   f000 0 eng d</controlfield><controlfield tag="001">999836550902121</controlfield><datafield tag="035" ind1=" " ind2=" "><subfield code="a">(OCoLC)38580810</subfield></datafield><datafield tag="035" ind1=" " ind2=" "><subfield code="9">AXE5339UW</subfield></datafield><datafield tag="035" ind1=" " ind2=" "><subfield code="a">(WU)4139645-uwmadisondb</subfield></datafield><datafield tag="037" ind1=" " ind2=" "><subfield code="a">158335</subfield><subfield code="b">GAO (202) 512-6000 (Voice); (301) 258-4066 (Fax)</subfield><subfield code="f">paper copy</subfield></datafield><datafield tag="040" ind1=" " ind2=" "><subfield code="a">GPO</subfield><subfield code="b">eng</subfield><subfield code="c">GPO</subfield><subfield code="d">DLC</subfield><subfield code="d">MvI</subfield><subfield code="d">MGPO</subfield></datafield><datafield tag="043" ind1=" " ind2=" "><subfield code="a">n-us---</subfield></datafield><datafield tag="074" ind1=" " ind2=" "><subfield code="a">546-D (MF)</subfield></datafield><datafield tag="086" ind1="0" ind2=" "><subfield code="a">GA 1.13:AIMD-97-44 R</subfield></datafield><datafield tag="088" ind1=" " ind2=" "><subfield code="a">GAO/AIMD-97-44 R</subfield></datafield><datafield tag="088" ind1=" " ind2=" "><subfield code="a">B-276165</subfield></datafield><datafield tag="110" ind1="1" ind2=" "><subfield code="a">United States.</subfield><subfield code="b">General Accounting Office.</subfield><subfield code="b">Accounting and Information Management Division.</subfield><subfield code="2">LCNAMES</subfield><subfield code="0">41-LIBRARY_OF_CONGRESS-no 95011036</subfield><subfield code="9">Y</subfield></datafield><datafield tag="245" ind1="1" ind2="0"><subfield code="a">Employee travel claims :</subfield><subfield code="b">supervisory approval of vouchers /</subfield><subfield code="c">United States General Accounting Office, Accounting and Information Management Division.</subfield></datafield><datafield tag="246" ind1="3" ind2="0"><subfield code="a">Supervisory approval of vouchers</subfield></datafield><datafield tag="246" ind1="1" ind2="7"><subfield code="a">Employee travel claims (Energy)</subfield></datafield><datafield tag="264" ind1=" " ind2="1"><subfield code="a">Washington, D.C. :</subfield><subfield code="b">The Office ;</subfield><subfield code="a">Gaithersburg, MD (P.O. Box 6015, Gaithersburg 20884-6015) :</subfield><subfield code="b">The Office [distributor],</subfield><subfield code="c">[1997]</subfield></datafield><datafield tag="300" ind1=" " ind2=" "><subfield code="a">5 pages, 2 unnumbered pages ;</subfield><subfield code="c">28 cm</subfield></datafield><datafield tag="336" ind1=" " ind2=" "><subfield code="a">text</subfield><subfield code="b">txt</subfield><subfield code="2">rdacontent</subfield></datafield><datafield tag="337" ind1=" " ind2=" "><subfield code="a">microform</subfield><subfield code="b">h</subfield><subfield code="2">rdamedia</subfield></datafield><datafield tag="338" ind1=" " ind2=" "><subfield code="a">microfiche</subfield><subfield code="b">he</subfield><subfield code="2">rdacarrier</subfield></datafield><datafield tag="500" ind1=" " ind2=" "><subfield code="a">Title from subject line.</subfield></datafield><datafield tag="500" ind1=" " ind2=" "><subfield code="a">"March 11, 1997."</subfield></datafield><datafield tag="504" ind1=" " ind2=" "><subfield code="a">Includes bibliographical references.</subfield></datafield><datafield tag="500" ind1=" " ind2=" "><subfield code="a">"GAO/AIMD-97-44R"--P. [1].</subfield></datafield><datafield tag="500" ind1=" " ind2=" "><subfield code="a">"B-276165"--P. [1].</subfield></datafield><datafield tag="533" ind1=" " ind2=" "><subfield code="a">Microfiche.</subfield><subfield code="b">[Washington, D.C.] :</subfield><subfield code="c">U.S. General Accounting Office,</subfield><subfield code="d">[1997?]</subfield><subfield code="e">1 microfiche : negative.</subfield></datafield><datafield tag="610" ind1="1" ind2="0"><subfield code="a">United States.</subfield><subfield code="b">Department of Energy</subfield><subfield code="x">Officials and employees</subfield><subfield code="x">Travel regulations.</subfield><subfield code="2">LCNAMES</subfield><subfield code="0">41-LIBRARY_OF_CONGRESS-n  78034868</subfield><subfield code="9">Y</subfield></datafield><datafield tag="610" ind1="1" ind2="0"><subfield code="a">United States.</subfield><subfield code="b">Department of Energy.</subfield></datafield><datafield tag="997" ind1=" " ind2=" "><subfield code="a">MARCIVE</subfield></datafield><datafield tag="610" ind1="1" ind2="0"><subfield code="a">D.O.E. (Department of Energy)</subfield><subfield code="2">LCNAMES</subfield><subfield code="0">41-LIBRARY_OF_CONGRESS-n  78034868</subfield><subfield code="9">N</subfield></datafield><datafield tag="610" ind1="1" ind2="0"><subfield code="a">DOE (Department of Energy)</subfield><subfield code="2">LCNAMES</subfield><subfield code="0">41-LIBRARY_OF_CONGRESS-n  78034868</subfield><subfield code="9">N</subfield></datafield><datafield tag="610" ind1="1" ind2="0"><subfield code="a">United States.</subfield><subfield code="b">Department of Energy.</subfield><subfield code="b">Headquarters</subfield><subfield code="2">LCNAMES</subfield><subfield code="0">41-LIBRARY_OF_CONGRESS-n  78034868</subfield><subfield code="9">N</subfield></datafield><datafield tag="610" ind1="1" ind2="0"><subfield code="w">nnea</subfield><subfield code="a">United States.</subfield><subfield code="b">Dept. of Energy</subfield><subfield code="2">LCNAMES</subfield><subfield code="0">41-LIBRARY_OF_CONGRESS-n  78034868</subfield><subfield code="9">N</subfield></datafield><datafield tag="610" ind1="1" ind2="0"><subfield code="a">United States.</subfield><subfield code="b">Secretary of Energy</subfield><subfield code="2">LCNAMES</subfield><subfield code="0">41-LIBRARY_OF_CONGRESS-n  78034868</subfield><subfield code="9">N</subfield></datafield><datafield tag="610" ind1="1" ind2="0"><subfield code="w">r</subfield><subfield code="i">Predecessor:</subfield><subfield code="a">United States.</subfield><subfield code="b">Energy Research and Development Administration</subfield><subfield code="2">LCNAMES</subfield><subfield code="0">41-LIBRARY_OF_CONGRESS-n  78034868</subfield><subfield code="9">R</subfield></datafield><datafield tag="610" ind1="1" ind2="0"><subfield code="w">r</subfield><subfield code="i">Predecessor:</subfield><subfield code="a">United States.</subfield><subfield code="b">Federal Energy Administration</subfield><subfield code="2">LCNAMES</subfield><subfield code="0">41-LIBRARY_OF_CONGRESS-n  78034868</subfield><subfield code="9">R</subfield></datafield><datafield tag="610" ind1="1" ind2="0"><subfield code="w">r</subfield><subfield code="i">Predecessor:</subfield><subfield code="a">United States.</subfield><subfield code="b">Federal Power Commission</subfield><subfield code="2">LCNAMES</subfield><subfield code="0">41-LIBRARY_OF_CONGRESS-n  78034868</subfield><subfield code="9">R</subfield></datafield><datafield tag="110" ind1="1" ind2=" "><subfield code="w">a</subfield><subfield code="a">United States.</subfield><subfield code="b">General Accounting Office.</subfield><subfield code="b">Accounting and Financial Management Division</subfield><subfield code="2">LCNAMES</subfield><subfield code="0">41-LIBRARY_OF_CONGRESS-no 95011036</subfield><subfield code="9">R</subfield></datafield><datafield tag="110" ind1="1" ind2=" "><subfield code="w">a</subfield><subfield code="a">United States.</subfield><subfield code="b">General Accounting Office.</subfield><subfield code="b">Information Management &amp; Technology Division</subfield><subfield code="2">LCNAMES</subfield><subfield code="0">41-LIBRARY_OF_CONGRESS-no 95011036</subfield><subfield code="9">R</subfield></datafield><datafield tag="INST" ind1=" " ind2=" "><subfield code="a">01UWI_NETWORK</subfield><subfield code="b">P</subfield><subfield code="c">71312258720002121</subfield></datafield><datafield tag="INST" ind1=" " ind2=" "><subfield code="a">01UWI_MAD</subfield><subfield code="b">P</subfield><subfield code="c">21610308350002122</subfield></datafield><datafield tag="INST" ind1=" " ind2=" "><subfield code="a">01UWI_SF</subfield><subfield code="b">P</subfield><subfield code="c">2132946380002130</subfield></datafield><datafield tag="AVA" ind1=" " ind2=" "><subfield code="0">9941396453602122</subfield><subfield code="8">22610308330002122</subfield><subfield code="a">01UWI_MAD</subfield><subfield code="b">LAW</subfield><subfield code="c">Microforms</subfield><subfield code="d">GA 1.13: AIMD-97-44 R</subfield><subfield code="e">check_holdings</subfield><subfield code="j">mic</subfield><subfield code="k">3</subfield><subfield code="p">1</subfield><subfield code="q">Law Library</subfield></datafield><datafield tag="AVA" ind1=" " ind2=" "><subfield code="0">9941396453602122</subfield><subfield code="8">22610308340002122</subfield><subfield code="a">01UWI_MAD</subfield><subfield code="b">WHSLIBRARY</subfield><subfield code="c">Government Document Microforms</subfield><subfield code="d">GA 1.13: AIMD-97-44 R</subfield><subfield code="e">check_holdings</subfield><subfield code="j">govmic</subfield><subfield code="k">3</subfield><subfield code="p">2</subfield><subfield code="q">Wisconsin Historical Society Library</subfield></datafield><datafield tag="AVA" ind1=" " ind2=" "><subfield code="0">994839843602130</subfield><subfield code="8">2232946370002130</subfield><subfield code="a">01UWI_SF</subfield><subfield code="b">SP</subfield><subfield code="c">US Government Documents (6th floor)</subfield><subfield code="d">GA 1.13:AIMD-97-44 R</subfield><subfield code="e">check_holdings</subfield><subfield code="j">docus</subfield><subfield code="k">3</subfield><subfield code="p">1</subfield><subfield code="q">UW Stevens Point Library</subfield></datafield><datafield tag="MMS" ind1=" " ind2=" "><subfield code="b">999836550902121</subfield><subfield code="a">01UWI_NETWORK</subfield></datafield><datafield tag="MMS" ind1=" " ind2=" "><subfield code="b">9941396453602122</subfield><subfield code="a">01UWI_MAD</subfield></datafield><datafield tag="MMS" ind1=" " ind2=" "><subfield code="b">994839843602130</subfield><subfield code="a">01UWI_SF</subfield></datafield><datafield tag="BBB" ind1="3" ind2="1"><subfield code="x">aShipping list no.: 98-0306-M.</subfield><subfield code="8">22610308330002122</subfield><subfield code="A">01UWI_MAD</subfield></datafield><datafield tag="BBB" ind1="3" ind2="1"><subfield code="x">aShipping list no.: 98-0306-M.</subfield><subfield code="8">22610308340002122</subfield><subfield code="A">01UWI_MAD</subfield></datafield></record>
</metadata>
</record>
</ListRecords>
</OAI-PMH>